@misc{ falbo,
       author = "Ricardo de Almeida Falbo",
       title = "Engenharia de Requisitos: Notas de Aula",
       year = "2012" }
       
@book{ sommerville,
       author = "Ian Sommerville",
       title = "Engenharia de Software",
       edition = "8",
       chapter = "7",
       year = "2007" }
       
@misc{ nuseibeh,
       author = "B. Nuseibeh AND S. Easterbrook",
       title = "Requiments Engineering: A Roadmap",
       year = "2000" }

@article{ tcc_rafael_richa,
		author = "Rafael Richa Teixeira Ananias",
		title = "Estudo comparativo entre ferramentas de Gerência de Requisitos",
		year = "2009",
		URL = "http://www.cin.ufpe.br/~tg/2009-2/rrta.pdf" }
		
@article{ tese_doutorado,
		author = "Elias Canhadas Genvigir",
		title = "Um modelo para rastreabilidade de requisitos de software baseado em generalização de elos e atributos",
		year = "2009",
		URL = "http://mtc-m16c.sid.inpe.br/col/sid.inpe.br/mtc-m18@80/2009/03.02.14.17/doc/publicacao.pdf" }
		
@article{}
       
@site{ deanleffingwell,
      title = "Scaled Agile Framework About",
      author = "Dean Leffingwell",
      url = "http://www.scaledagileframework.com/about/",
      year = "2016" }
